@ARTICLE{LeeKalluri,
	author={ {Joo Hwa Lee} and D. K. {Kalluri}},
	journal={IEEE Transactions on Antennas and Propagation}, 
	title={Three-dimensional FDTD simulation of electromagnetic wave transformation in a dynamic inhomogeneous magnetized plasma}, 
	year={1999},
	volume={47},
	number={7},
	pages={1146-1151},
	doi={10.1109/8.785745}}

@article{landau_2019, title={Black Hole Image Makes History; NASA Telescopes Coordinated Observations}, url={https://www.nasa.gov/mission_pages/chandra/news/black-hole-image-makes-history}, journal={Nasa.gov}, author={Landau, Elizabeth}, editor={Loff, Sarah}, year={2019}, month={Apr}}

@article{velten2013femto,
	title={Femto-photography: capturing and visualizing the propagation of light},
	author={Velten, Andreas and Raskar, Ramesh and Wu, Di and Jarabo, Adrian and Masia, Belen and Barsi, Christopher and Joshi, Chinmaya and Lawson, Everett and Bawendi, Moungi and Gutierrez, Diego},
	year={2013},
	publisher={Association for Computing Machinery (ACM)}
}

@misc{paraview, url={https://www.paraview.org/}, publisher={KitWare}, author={ParaView}}

@article{template, title={Masters/Doctoral Thesis LaTeX Template}, url={https://www.latextemplates.com/template/masters-doctoral-thesis}, journal={LaTeX Templates}, publisher={Creodocs Limited Al}, author={Vel and Gunn, Steve R. and Patel, Sunil}}

@misc{eclipse, url={https://www.eclipse.org/downloads/packages/release/kepler/sr2/eclipse-ide-cc-developers}, publisher={Eclipse Foundation, Inc.}, author={Eclipse}}

@misc{robo, title={XhRobo / Finite-Difference-Time-Domain-Method-Implementation-in-C-}, url={https://github.com/XhRobo/Finite-Difference-Time-Domain-Method-Implementation-in-C-}, publisher={GitHub, Inc.}, author={Robo, Xhoni}}

@article{cao2005first,
	title={First results of low frequency electromagnetic wave detector of TC-2/Double Star program},
	author={Cao, JB and Liu, ZX and Yang, JY and Yian, CX and Wang, ZG and Zhang, XH and Wang, SR and Chen, SW and Bian, W and Dong, W and others},
	year={2005}
}

@book{stratton2007electromagnetic,
	title={Electromagnetic theory},
	author={Stratton, Julius Adams},
	volume={33},
	year={2007},
	publisher={John Wiley \& Sons}
}

@book{poyser1918magnetism,
	title={Magnetism and electricity: A manual for students in advanced classes},
	author={Poyser, Arthur William},
	year={1918},
	publisher={Longmans, Green and Company}
}

@article{logan2011first,
	title={First course in finite element method, si},
	author={Logan, Daryl L},
	journal={Mason, OH: South-Western, Cengage Learning},
	year={2011}
}

@article{weiland1977discretization,
	title={A discretization method for the solution of Maxwell's equations for six-component fields.-Electronics and Communication,(AE{\"U}), Vol. 31},
	author={Weiland, T},
	year={1977}
}

@book{davidson2010computational,
	title={Computational electromagnetics for RF and microwave engineering},
	author={Davidson, David B},
	year={2010},
	publisher={Cambridge University Press}
}

@misc{excel, url={https://www.microsoft.com/en/microsoft-365/excel}, publisher={Microsoft}, author={Microsoft}}

@misc{fstream, url={https://www.cplusplus.com/reference/fstream/fstream/}, publisher={cplusplus.com}, author={cplusplus.com}}

@misc{io.h, url={https://gcc.gnu.org/onlinedocs/gcc-4.6.2/libstdc++/api/a00782_source.html}, publisher={Free Software Foundation, Inc}, author={GCC}}

@misc{cmath, url={http://www.cplusplus.com/reference/cmath/}, publisher={cplusplus.com}, author={cplusplus.com}}

@misc{iostream, url={http://www.cplusplus.com/reference/iostream/}, publisher={cplusplus.com}, author={cplusplus.com}}

@misc{cstdlib, url={http://www.cplusplus.com/reference/cstdlib/}, publisher={cplusplus.com}, author={cplusplus.com}}

@misc{vector, url={http://www.cplusplus.com/reference/vector/}, publisher={cplusplus.com}, author={cplusplus.com}}

@misc{string, url={http://www.cplusplus.com/reference/string/}, publisher={cplusplus.com}, author={cplusplus.com}}

@article{Eling_2010,
	doi = {10.1088/0264-9381/27/4/049802},
	url = {https://doi.org/10.1088/0264-9381/27/4/049802},
	year = 2010,
	month = {jan},
	publisher = {{IOP} Publishing},
	volume = {27},
	number = {4},
	pages = {049802},
	author = {Christopher Eling and Ted Jacobson},
	title = {Spherical solutions in Einstein-aether theory: static aether and stars},
	journal = {Classical and Quantum Gravity},
	abstract = {1) The signs of all terms on the right-hand side of equation (6) should be reversed. The results are unchanged, since expression is equal to zero in spherical symmetry.
	
	2) The signs of all but the last term on the right-hand side of equation (12) should be reversed. The results are unchanged, since the correct expression was used in the calculations.}
}

@inproceedings{roy2010review,
	title={Review of discretization error estimators in scientific computing},
	author={Roy, Christopher},
	booktitle={48th AIAA Aerospace Sciences Meeting Including the New Horizons Forum and Aerospace Exposition},
	pages={126},
	year={2010}
}

@article{dow_1998, title={A Unified Approach to the Finite Element Method and Error Analysis Procedures}, volume={1st Edition}, author={Dow, Julian}, year={1998}, month={Nov}, pages={xiv}}

@article{engle_skeel_drees_2005, title={Monitoring energy drift with shadow Hamiltonians}, volume={206}, number={2}, journal={Journal of Computational Physics}, author={Engle, Robert D. and Skeel, Robert D. and Drees, Matthew}, year={2005}, pages={432–452}}

@article{gao2013optimal,
	title={Optimal error estimates and modified energy conservation identities of the ADI-FDTD scheme on staggered grids for 3D Maxwell’s equations},
	author={Gao, LiPing and Zhang, Bo},
	journal={Science China Mathematics},
	volume={56},
	number={8},
	pages={1705-1726},
	year={2013},
	publisher={Springer}
}

@misc{gcc, url={https://gcc.gnu.org/}, publisher={Free Software Foundation, Inc. }, author={GCC Team}}

@misc{texstudio, url={https://www.texstudio.org/}, author={van der Zander, Benito and Sundermeyer, Jan and Braun, Daniel and Hoffmann, Tim}}

@misc{diagrameditor, url={https://www.diagrameditor.com/}, publisher={Zygomatic}, author={Zygomatic}}

@misc{gimp, url={https://www.gimp.org/}, author={The GIMP Team}}

@article{archer1990dielectric,
	title={The dielectric constant of water and Debye-H{\"u}ckel limiting law slopes},
	author={Archer, Donald G and Wang, Peiming},
	journal={Journal of physical and chemical reference data},
	volume={19},
	number={2},
	pages={371--411},
	year={1990},
	publisher={American Institute of Physics for the National Institute of Standards and~…}
}

@misc{gerard2008photonic,
	title={Photonic Crystals: Towards Nanoscale Photonic Devices ed JM Lourtioz, H Benisty, V Berger, JM Gerard, D Maystre and A Tchelnokov},
	author={Gerard, JM},
	year={2005},
	pages={121--122},
	publisher={Berlin: Springer}
}

@article{kirk2006libmesh,
	title={libMesh: a C++ library for parallel adaptive mesh refinement/coarsening simulations},
	author={Kirk, Benjamin S and Peterson, John W and Stogner, Roy H and Carey, Graham F},
	journal={Engineering with Computers},
	volume={22},
	number={3-4},
	pages={237--254},
	year={2006},
	publisher={Springer}
}

@article{mohr2014quantum,
	title={Quantum computing in complexity theory and theory of computation},
	author={Mohr, Austin},
	journal={Carbondale, IL},
	year={2014}
}

@misc{quda, url={http://lattice.github.io/quda/}, publisher={lattice}, author={lattice}}
